%% BibTeX citation to use:

@article{DBLP:journals/dagstuhl-manifestos/DillenbourgFKMW14,
  author    = {Pierre Dillenbourg and
               Armando Fox and
               Claude Kirchner and
               John Mitchell and
               Martin Wirsing},
  title     = {{Massive Open Online Courses}: Current State and Perspectives (Dagstuhl
               Perspectives Workshop 14112)},
  journal   = {Dagstuhl Manifestos},
  volume    = {4},
  number    = {1},
  year      = {2014},
  pages     = {},
  ee        = {http://dx.doi.org/ ... },
  bibsource = {DBLP, http://dblp.uni-trier.de}
}
