                  

@Proceedings{mroe-2013-report,
  title =        {{CCC}-{CRA} Workshop on Multidisciplinary Research in Online Education ({MROE})},
  year =         2013,
  editor =    {Douglas H. Fisher and Armando Fox},
  address =   {Washington, DC},
  month =     {Feb},
  organization = {Computing Research Association},
  url = {http://www.google.com/url?q=http%3A%2F%2Fwww.cra.org%2Fccc%2Ffiles%2Fdocs%2FCCC-MROE-Report.pdf&sa=D&sntz=1&usg=AFQjCNGUVMyQ3IvCoyt0PV-P0cnXe8Dvsg}}

@Book{febvre,
  author =    {Lucien Febvre and Henri-Jean Martin},
  title =        {The Coming of
the book: The Impact of Printing, 1450-1800},
  publisher =    {Verso World History Series},
  year =         2010
}
